%YAML 1.1
%TAG !u! tag:unity3d.com,2011:
--- !u!1 &116174
GameObject:
  m_ObjectHideFlags: 0
  m_PrefabParentObject: {fileID: 0}
  m_PrefabInternal: {fileID: 100100000}
  serializedVersion: 4
  m_Component:
  - 4: {fileID: 490358}
  - 114: {fileID: 11426482}
  - 50: {fileID: 5081278}
  - 114: {fileID: 11406984}
  - 114: {fileID: 11471916}
  - 114: {fileID: 11420352}
  - 114: {fileID: 11413308}
  - 114: {fileID: 11454184}
  m_Layer: 8
  m_Name: Human
  m_TagString: Untagged
  m_Icon: {fileID: 0}
  m_NavMeshLayer: 0
  m_StaticEditorFlags: 0
  m_IsActive: 1
--- !u!1 &183640
GameObject:
  m_ObjectHideFlags: 0
  m_PrefabParentObject: {fileID: 0}
  m_PrefabInternal: {fileID: 100100000}
  serializedVersion: 4
  m_Component:
  - 4: {fileID: 499576}
  - 212: {fileID: 21245874}
  - 58: {fileID: 5895392}
  m_Layer: 8
  m_Name: Actor
  m_TagString: Untagged
  m_Icon: {fileID: 0}
  m_NavMeshLayer: 0
  m_StaticEditorFlags: 0
  m_IsActive: 1
--- !u!4 &490358
Transform:
  m_ObjectHideFlags: 1
  m_PrefabParentObject: {fileID: 0}
  m_PrefabInternal: {fileID: 100100000}
  m_GameObject: {fileID: 116174}
  m_LocalRotation: {x: 0, y: 0, z: 0, w: 1}
  m_LocalPosition: {x: 10.3999996, y: 5.5, z: -.25}
  m_LocalScale: {x: 1, y: 1, z: 1}
  m_Children:
  - {fileID: 499576}
  m_Father: {fileID: 0}
  m_RootOrder: 0
--- !u!4 &499576
Transform:
  m_ObjectHideFlags: 1
  m_PrefabParentObject: {fileID: 0}
  m_PrefabInternal: {fileID: 100100000}
  m_GameObject: {fileID: 183640}
  m_LocalRotation: {x: 0, y: 0, z: 0, w: 1}
  m_LocalPosition: {x: 0, y: 0, z: 0}
  m_LocalScale: {x: 1, y: 1, z: 1}
  m_Children: []
  m_Father: {fileID: 490358}
  m_RootOrder: 0
--- !u!50 &5081278
Rigidbody2D:
  serializedVersion: 2
  m_ObjectHideFlags: 1
  m_PrefabParentObject: {fileID: 0}
  m_PrefabInternal: {fileID: 100100000}
  m_GameObject: {fileID: 116174}
  m_Mass: 1
  m_LinearDrag: 0
  m_AngularDrag: 0
  m_GravityScale: 0
  m_IsKinematic: 0
  m_Interpolate: 0
  m_SleepingMode: 1
  m_CollisionDetection: 0
  m_Constraints: 0
--- !u!58 &5895392
CircleCollider2D:
  m_ObjectHideFlags: 1
  m_PrefabParentObject: {fileID: 0}
  m_PrefabInternal: {fileID: 100100000}
  m_GameObject: {fileID: 183640}
  m_Enabled: 1
  m_Material: {fileID: 0}
  m_IsTrigger: 0
  m_UsedByEffector: 0
  m_Offset: {x: 0, y: 0}
  serializedVersion: 2
  m_Radius: .150000006
--- !u!114 &11406984
MonoBehaviour:
  m_ObjectHideFlags: 1
  m_PrefabParentObject: {fileID: 0}
  m_PrefabInternal: {fileID: 100100000}
  m_GameObject: {fileID: 116174}
  m_Enabled: 1
  m_EditorHideFlags: 0
  m_Script: {fileID: 11500000, guid: b99e29e87d8544d96a5d86bc5a80f9b6, type: 3}
  m_Name: 
  m_EditorClassIdentifier: 
  mass: 1
  measure: 
  startingVelocity: {x: 5, y: 0, z: 0}
--- !u!114 &11413308
MonoBehaviour:
  m_ObjectHideFlags: 1
  m_PrefabParentObject: {fileID: 0}
  m_PrefabInternal: {fileID: 100100000}
  m_GameObject: {fileID: 116174}
  m_Enabled: 1
  m_EditorHideFlags: 0
  m_Script: {fileID: 11500000, guid: 1972ff3c67d9745bda79d9d8743705e5, type: 3}
  m_Name: 
  m_EditorClassIdentifier: 
  inhale: 0
  lungs:
    _o2: 1
    _co2: 9
  airTank:
    _o2: 100
    _co2: 0
  o2Required: .0500000007
  lungCapacity: 8
--- !u!114 &11420352
MonoBehaviour:
  m_ObjectHideFlags: 1
  m_PrefabParentObject: {fileID: 0}
  m_PrefabInternal: {fileID: 100100000}
  m_GameObject: {fileID: 116174}
  m_Enabled: 1
  m_EditorHideFlags: 0
  m_Script: {fileID: 11500000, guid: 7bd6e65159ee04c8b890ecbf5011feb1, type: 3}
  m_Name: 
  m_EditorClassIdentifier: 
  _integrity:
    max: 50
    current: 50
  _health:
    max: 20
    current: 20
--- !u!114 &11426482
MonoBehaviour:
  m_ObjectHideFlags: 1
  m_PrefabParentObject: {fileID: 0}
  m_PrefabInternal: {fileID: 100100000}
  m_GameObject: {fileID: 116174}
  m_Enabled: 1
  m_EditorHideFlags: 0
  m_Script: {fileID: 11500000, guid: 9c774254054d3471eb7571be7f70b153, type: 3}
  m_Name: 
  m_EditorClassIdentifier: 
  syncInterval: 15
  syncPositionThreshold: 0
  syncRotationThreshold: 0
--- !u!114 &11454184
MonoBehaviour:
  m_ObjectHideFlags: 1
  m_PrefabParentObject: {fileID: 0}
  m_PrefabInternal: {fileID: 100100000}
  m_GameObject: {fileID: 116174}
  m_Enabled: 1
  m_EditorHideFlags: 0
  m_Script: {fileID: 372142912, guid: 870353891bb340e2b2a9c8707e7419ba, type: 3}
  m_Name: 
  m_EditorClassIdentifier: 
  m_SceneId:
    m_Value: 0
  m_AssetId:
    i0: 24
    i1: 188
    i2: 13
    i3: 105
    i4: 246
    i5: 110
    i6: 20
    i7: 41
    i8: 106
    i9: 190
    i10: 225
    i11: 206
    i12: 224
    i13: 211
    i14: 214
    i15: 149
  m_ServerOnly: 1
  m_LocalPlayerAuthority: 0
--- !u!114 &11471916
MonoBehaviour:
  m_ObjectHideFlags: 1
  m_PrefabParentObject: {fileID: 0}
  m_PrefabInternal: {fileID: 100100000}
  m_GameObject: {fileID: 116174}
  m_Enabled: 1
  m_EditorHideFlags: 0
  m_Script: {fileID: 11500000, guid: 17eb2504279dd42bd804eedb7a0ebb7d, type: 3}
  m_Name: 
  m_EditorClassIdentifier: 
  _size: 0
--- !u!212 &21245874
SpriteRenderer:
  m_ObjectHideFlags: 1
  m_PrefabParentObject: {fileID: 0}
  m_PrefabInternal: {fileID: 100100000}
  m_GameObject: {fileID: 183640}
  m_Enabled: 1
  m_CastShadows: 0
  m_ReceiveShadows: 0
  m_Materials:
  - {fileID: 10754, guid: 0000000000000000e000000000000000, type: 0}
  m_SubsetIndices: 
  m_StaticBatchRoot: {fileID: 0}
  m_UseLightProbes: 0
  m_ReflectionProbeUsage: 0
  m_ProbeAnchor: {fileID: 0}
  m_ScaleInLightmap: 1
  m_PreserveUVs: 0
  m_ImportantGI: 0
  m_AutoUVMaxDistance: .5
  m_AutoUVMaxAngle: 89
  m_LightmapParameters: {fileID: 0}
  m_SortingLayerID: 0
  m_SortingOrder: 0
  m_Sprite: {fileID: 21300000, guid: 9edf25a0dd86143ba9454a95eabb8f42, type: 3}
  m_Color: {r: 1, g: 1, b: 1, a: 1}
--- !u!1001 &100100000
Prefab:
  m_ObjectHideFlags: 1
  serializedVersion: 2
  m_Modification:
    m_TransformParent: {fileID: 0}
    m_Modifications:
    - target: {fileID: 0}
      propertyPath: m_MovementTheshold
      value: .00999999978
      objectReference: {fileID: 0}
    - target: {fileID: 0}
      propertyPath: m_SyncSpin
      value: 1
      objectReference: {fileID: 0}
    - target: {fileID: 0}
      propertyPath: human
      value: 
      objectReference: {fileID: 11426482}
    - target: {fileID: 0}
      propertyPath: m_SendInterval
      value: .0625
      objectReference: {fileID: 0}
    - target: {fileID: 0}
      propertyPath: m_InterpolateMovement
      value: .5
      objectReference: {fileID: 0}
    - target: {fileID: 0}
      propertyPath: _integrity.max
      value: 50
      objectReference: {fileID: 0}
    - target: {fileID: 0}
      propertyPath: _integrity.current
      value: 50
      objectReference: {fileID: 0}
    - target: {fileID: 0}
      propertyPath: _health.current
      value: 20
      objectReference: {fileID: 0}
    - target: {fileID: 0}
      propertyPath: _health.max
      value: 20
      objectReference: {fileID: 0}
    - target: {fileID: 0}
      propertyPath: m_TransformSyncMode
      value: 1
      objectReference: {fileID: 0}
    - target: {fileID: 0}
      propertyPath: m_InterpolateRotation
      value: 1.25
      objectReference: {fileID: 0}
    - target: {fileID: 0}
      propertyPath: m_RotationSyncCompression
      value: 2
      objectReference: {fileID: 0}
    - target: {fileID: 0}
      propertyPath: lungs._o2
      value: 10
      objectReference: {fileID: 0}
    - target: {fileID: 0}
      propertyPath: lungs._co2
      value: 10
      objectReference: {fileID: 0}
    m_RemovedComponents: []
  m_ParentPrefab: {fileID: 0}
  m_RootGameObject: {fileID: 116174}
  m_IsPrefabParent: 1
