%YAML 1.1
%TAG !u! tag:unity3d.com,2011:
--- !u!1 &125760
GameObject:
  m_ObjectHideFlags: 0
  m_PrefabParentObject: {fileID: 0}
  m_PrefabInternal: {fileID: 100100000}
  serializedVersion: 4
  m_Component:
  - 4: {fileID: 448852}
  - 212: {fileID: 21229436}
  m_Layer: 0
  m_Name: Node
  m_TagString: Untagged
  m_Icon: {fileID: 0}
  m_NavMeshLayer: 0
  m_StaticEditorFlags: 0
  m_IsActive: 1
--- !u!1 &158482
GameObject:
  m_ObjectHideFlags: 0
  m_PrefabParentObject: {fileID: 0}
  m_PrefabInternal: {fileID: 100100000}
  serializedVersion: 4
  m_Component:
  - 4: {fileID: 468354}
  - 212: {fileID: 21221536}
  - 114: {fileID: 11499410}
  m_Layer: 0
  m_Name: StructureCursor
  m_TagString: Player
  m_Icon: {fileID: 0}
  m_NavMeshLayer: 0
  m_StaticEditorFlags: 0
  m_IsActive: 1
--- !u!1 &180278
GameObject:
  m_ObjectHideFlags: 0
  m_PrefabParentObject: {fileID: 0}
  m_PrefabInternal: {fileID: 100100000}
  serializedVersion: 4
  m_Component:
  - 4: {fileID: 463922}
  - 212: {fileID: 21253618}
  m_Layer: 0
  m_Name: Tile
  m_TagString: Untagged
  m_Icon: {fileID: 0}
  m_NavMeshLayer: 0
  m_StaticEditorFlags: 0
  m_IsActive: 1
--- !u!4 &448852
Transform:
  m_ObjectHideFlags: 1
  m_PrefabParentObject: {fileID: 0}
  m_PrefabInternal: {fileID: 100100000}
  m_GameObject: {fileID: 125760}
  m_LocalRotation: {x: 0, y: 0, z: 0, w: 1}
  m_LocalPosition: {x: 0, y: 0, z: 0}
  m_LocalScale: {x: 1, y: 1, z: 1}
  m_Children: []
  m_Father: {fileID: 468354}
  m_RootOrder: 0
--- !u!4 &463922
Transform:
  m_ObjectHideFlags: 1
  m_PrefabParentObject: {fileID: 0}
  m_PrefabInternal: {fileID: 100100000}
  m_GameObject: {fileID: 180278}
  m_LocalRotation: {x: 0, y: 0, z: 0, w: 1}
  m_LocalPosition: {x: 0, y: 0, z: 0}
  m_LocalScale: {x: 1, y: 1, z: 1}
  m_Children: []
  m_Father: {fileID: 468354}
  m_RootOrder: 1
--- !u!4 &468354
Transform:
  m_ObjectHideFlags: 1
  m_PrefabParentObject: {fileID: 0}
  m_PrefabInternal: {fileID: 100100000}
  m_GameObject: {fileID: 158482}
  m_LocalRotation: {x: 0, y: 0, z: 0, w: 1}
  m_LocalPosition: {x: 9.18178463, y: 5.81572962, z: 0}
  m_LocalScale: {x: 1, y: 1, z: 1}
  m_Children:
  - {fileID: 448852}
  - {fileID: 463922}
  m_Father: {fileID: 0}
  m_RootOrder: 0
--- !u!114 &11499410
MonoBehaviour:
  m_ObjectHideFlags: 1
  m_PrefabParentObject: {fileID: 0}
  m_PrefabInternal: {fileID: 100100000}
  m_GameObject: {fileID: 158482}
  m_Enabled: 1
  m_EditorHideFlags: 0
  m_Script: {fileID: 11500000, guid: 5b48a5958509147dab78fc323536eb86, type: 3}
  m_Name: 
  m_EditorClassIdentifier: 
  structure: {fileID: 0}
  placeableColor: {r: .352941155, g: 1, b: .410953164, a: .677999973}
  removeableColor: {r: 1, g: .711764693, b: .279411793, a: .685000002}
  unalterableColor: {r: 1, g: .161764681, b: .161764681, a: .690999985}
  _paintType: 0
  tileType: 0
  tileRegular: {fileID: 21300000, guid: b753e0056f3d84eb8a7f06c838c777ac, type: 3}
  tileRegularPartial: {fileID: 21300000, guid: 354c95615398346a0a5810134c5e3600, type: 3}
  tileArmoured: {fileID: 21300000, guid: 65e5d75df276c4492bcc8901514ae400, type: 3}
  tileArmouredPartial: {fileID: 21300000, guid: fb93d7a3db53948fe8fa101c9e6a4bfd,
    type: 3}
  tileLight: {fileID: 21300000, guid: 29d057d8c2c1b405db1813beb935b102, type: 3}
  tileLightPartial: {fileID: 21300000, guid: f45cc27ee137c47e688706a387b9d64a, type: 3}
  wall: {fileID: 21300000, guid: 6a69e9f7b3edf4085a75874c14e263d6, type: 3}
  tile: {fileID: 21253618}
  node: {fileID: 21229436}
  outline: {fileID: 21221536}
--- !u!212 &21221536
SpriteRenderer:
  m_ObjectHideFlags: 1
  m_PrefabParentObject: {fileID: 0}
  m_PrefabInternal: {fileID: 100100000}
  m_GameObject: {fileID: 158482}
  m_Enabled: 1
  m_CastShadows: 0
  m_ReceiveShadows: 0
  m_Materials:
  - {fileID: 10754, guid: 0000000000000000e000000000000000, type: 0}
  m_SubsetIndices: 
  m_StaticBatchRoot: {fileID: 0}
  m_UseLightProbes: 1
  m_ReflectionProbeUsage: 1
  m_ProbeAnchor: {fileID: 0}
  m_ScaleInLightmap: 1
  m_PreserveUVs: 0
  m_ImportantGI: 0
  m_AutoUVMaxDistance: .5
  m_AutoUVMaxAngle: 89
  m_LightmapParameters: {fileID: 0}
  m_SortingLayerID: 0
  m_SortingOrder: 0
  m_Sprite: {fileID: 21300000, guid: 2380d9b18e1d548de91c20379a134b8d, type: 3}
  m_Color: {r: 1, g: 1, b: 1, a: 1}
--- !u!212 &21229436
SpriteRenderer:
  m_ObjectHideFlags: 1
  m_PrefabParentObject: {fileID: 0}
  m_PrefabInternal: {fileID: 100100000}
  m_GameObject: {fileID: 125760}
  m_Enabled: 0
  m_CastShadows: 0
  m_ReceiveShadows: 0
  m_Materials:
  - {fileID: 10754, guid: 0000000000000000e000000000000000, type: 0}
  m_SubsetIndices: 
  m_StaticBatchRoot: {fileID: 0}
  m_UseLightProbes: 1
  m_ReflectionProbeUsage: 1
  m_ProbeAnchor: {fileID: 0}
  m_ScaleInLightmap: 1
  m_PreserveUVs: 0
  m_ImportantGI: 0
  m_AutoUVMaxDistance: .5
  m_AutoUVMaxAngle: 89
  m_LightmapParameters: {fileID: 0}
  m_SortingLayerID: 0
  m_SortingOrder: 0
  m_Sprite: {fileID: 21300000, guid: 666e3d801063141e785b3c5afae78880, type: 3}
  m_Color: {r: 1, g: 1, b: 1, a: 1}
--- !u!212 &21253618
SpriteRenderer:
  m_ObjectHideFlags: 1
  m_PrefabParentObject: {fileID: 0}
  m_PrefabInternal: {fileID: 100100000}
  m_GameObject: {fileID: 180278}
  m_Enabled: 1
  m_CastShadows: 0
  m_ReceiveShadows: 0
  m_Materials:
  - {fileID: 10754, guid: 0000000000000000e000000000000000, type: 0}
  m_SubsetIndices: 
  m_StaticBatchRoot: {fileID: 0}
  m_UseLightProbes: 1
  m_ReflectionProbeUsage: 1
  m_ProbeAnchor: {fileID: 0}
  m_ScaleInLightmap: 1
  m_PreserveUVs: 0
  m_ImportantGI: 0
  m_AutoUVMaxDistance: .5
  m_AutoUVMaxAngle: 89
  m_LightmapParameters: {fileID: 0}
  m_SortingLayerID: 0
  m_SortingOrder: 0
  m_Sprite: {fileID: 0}
  m_Color: {r: 1, g: 1, b: 1, a: 1}
--- !u!1001 &100100000
Prefab:
  m_ObjectHideFlags: 1
  serializedVersion: 2
  m_Modification:
    m_TransformParent: {fileID: 0}
    m_Modifications:
    - target: {fileID: 0}
      propertyPath: m_LocalScale.x
      value: 1
      objectReference: {fileID: 0}
    - target: {fileID: 0}
      propertyPath: m_LocalScale.y
      value: 1
      objectReference: {fileID: 0}
    - target: {fileID: 0}
      propertyPath: m_LocalScale.z
      value: 1
      objectReference: {fileID: 0}
    - target: {fileID: 0}
      propertyPath: m_LocalPosition.x
      value: 0
      objectReference: {fileID: 0}
    - target: {fileID: 0}
      propertyPath: m_LocalPosition.y
      value: 0
      objectReference: {fileID: 0}
    - target: {fileID: 0}
      propertyPath: m_Materials.Array.data[0]
      value: 
      objectReference: {fileID: 2100000, guid: c7541ff15e9c444eb8797bbf19c8225c, type: 2}
    - target: {fileID: 0}
      propertyPath: m_Mesh
      value: 
      objectReference: {fileID: 0}
    - target: {fileID: 0}
      propertyPath: placeColor.r
      value: .45588237
      objectReference: {fileID: 0}
    - target: {fileID: 0}
      propertyPath: placeColor.g
      value: 1
      objectReference: {fileID: 0}
    - target: {fileID: 0}
      propertyPath: placeColor.b
      value: .527180612
      objectReference: {fileID: 0}
    - target: {fileID: 0}
      propertyPath: placeColor.a
      value: .234999999
      objectReference: {fileID: 0}
    - target: {fileID: 0}
      propertyPath: removeColor.r
      value: 1
      objectReference: {fileID: 0}
    - target: {fileID: 0}
      propertyPath: removeColor.g
      value: .3172414
      objectReference: {fileID: 0}
    - target: {fileID: 0}
      propertyPath: removeColor.b
      value: .272058845
      objectReference: {fileID: 0}
    - target: {fileID: 0}
      propertyPath: removeColor.a
      value: .196999997
      objectReference: {fileID: 0}
    - target: {fileID: 0}
      propertyPath: m_Enabled
      value: 0
      objectReference: {fileID: 0}
    - target: {fileID: 0}
      propertyPath: canPlaceColor.r
      value: .389705896
      objectReference: {fileID: 0}
    - target: {fileID: 0}
      propertyPath: canPlaceColor.g
      value: 1
      objectReference: {fileID: 0}
    - target: {fileID: 0}
      propertyPath: canPlaceColor.b
      value: .494929045
      objectReference: {fileID: 0}
    - target: {fileID: 0}
      propertyPath: canPlaceColor.a
      value: .272000015
      objectReference: {fileID: 0}
    - target: {fileID: 0}
      propertyPath: canRemoveColor.r
      value: .345588207
      objectReference: {fileID: 0}
    - target: {fileID: 0}
      propertyPath: canRemoveColor.g
      value: .837525249
      objectReference: {fileID: 0}
    - target: {fileID: 0}
      propertyPath: canRemoveColor.b
      value: 1
      objectReference: {fileID: 0}
    - target: {fileID: 0}
      propertyPath: canRemoveColor.a
      value: .284000009
      objectReference: {fileID: 0}
    - target: {fileID: 0}
      propertyPath: cantColor.r
      value: 1
      objectReference: {fileID: 0}
    - target: {fileID: 0}
      propertyPath: cantColor.g
      value: .268965542
      objectReference: {fileID: 0}
    - target: {fileID: 0}
      propertyPath: cantColor.b
      value: 0
      objectReference: {fileID: 0}
    - target: {fileID: 0}
      propertyPath: cantColor.a
      value: .365999997
      objectReference: {fileID: 0}
    - target: {fileID: 0}
      propertyPath: invalidDiagonalWall
      value: 
      objectReference: {fileID: 21300000, guid: 666e3d801063141e785b3c5afae78880,
        type: 3}
    - target: {fileID: 0}
      propertyPath: placeableColor.r
      value: .352941155
      objectReference: {fileID: 0}
    - target: {fileID: 0}
      propertyPath: placeableColor.g
      value: 1
      objectReference: {fileID: 0}
    - target: {fileID: 0}
      propertyPath: placeableColor.b
      value: .410953164
      objectReference: {fileID: 0}
    - target: {fileID: 0}
      propertyPath: placeableColor.a
      value: .677999973
      objectReference: {fileID: 0}
    - target: {fileID: 0}
      propertyPath: removeableColor.r
      value: 1
      objectReference: {fileID: 0}
    - target: {fileID: 0}
      propertyPath: removeableColor.g
      value: .711764693
      objectReference: {fileID: 0}
    - target: {fileID: 0}
      propertyPath: removeableColor.b
      value: .279411793
      objectReference: {fileID: 0}
    - target: {fileID: 0}
      propertyPath: removeableColor.a
      value: .685000002
      objectReference: {fileID: 0}
    - target: {fileID: 0}
      propertyPath: unalterableColor.r
      value: 1
      objectReference: {fileID: 0}
    - target: {fileID: 0}
      propertyPath: unalterableColor.g
      value: .161764681
      objectReference: {fileID: 0}
    - target: {fileID: 0}
      propertyPath: unalterableColor.b
      value: .161764681
      objectReference: {fileID: 0}
    - target: {fileID: 0}
      propertyPath: unalterableColor.a
      value: .690999985
      objectReference: {fileID: 0}
    - target: {fileID: 0}
      propertyPath: tileRegular
      value: 
      objectReference: {fileID: 21300000, guid: b753e0056f3d84eb8a7f06c838c777ac,
        type: 3}
    - target: {fileID: 0}
      propertyPath: tileRegularPartial
      value: 
      objectReference: {fileID: 21300000, guid: 354c95615398346a0a5810134c5e3600,
        type: 3}
    - target: {fileID: 0}
      propertyPath: tileArmoured
      value: 
      objectReference: {fileID: 21300000, guid: 65e5d75df276c4492bcc8901514ae400,
        type: 3}
    - target: {fileID: 0}
      propertyPath: tileArmouredPartial
      value: 
      objectReference: {fileID: 21300000, guid: fb93d7a3db53948fe8fa101c9e6a4bfd,
        type: 3}
    - target: {fileID: 0}
      propertyPath: tileLight
      value: 
      objectReference: {fileID: 21300000, guid: 29d057d8c2c1b405db1813beb935b102,
        type: 3}
    - target: {fileID: 0}
      propertyPath: tileLightPartial
      value: 
      objectReference: {fileID: 21300000, guid: f45cc27ee137c47e688706a387b9d64a,
        type: 3}
    - target: {fileID: 0}
      propertyPath: wall
      value: 
      objectReference: {fileID: 21300000, guid: 6a69e9f7b3edf4085a75874c14e263d6,
        type: 3}
    - target: {fileID: 0}
      propertyPath: m_TagString
      value: Player
      objectReference: {fileID: 0}
    m_RemovedComponents: []
  m_ParentPrefab: {fileID: 0}
  m_RootGameObject: {fileID: 158482}
  m_IsPrefabParent: 1
