%YAML 1.1
%TAG !u! tag:unity3d.com,2011:
--- !u!1 &104686
GameObject:
  m_ObjectHideFlags: 0
  m_PrefabParentObject: {fileID: 0}
  m_PrefabInternal: {fileID: 100100000}
  serializedVersion: 4
  m_Component:
  - 4: {fileID: 439086}
  m_Layer: 0
  m_Name: Muzzle
  m_TagString: Untagged
  m_Icon: {fileID: 0}
  m_NavMeshLayer: 0
  m_StaticEditorFlags: 0
  m_IsActive: 1
--- !u!1 &149950
GameObject:
  m_ObjectHideFlags: 0
  m_PrefabParentObject: {fileID: 0}
  m_PrefabInternal: {fileID: 100100000}
  serializedVersion: 4
  m_Component:
  - 4: {fileID: 481160}
  - 114: {fileID: 11403040}
  - 212: {fileID: 21289920}
  m_Layer: 0
  m_Name: FireArm
  m_TagString: Untagged
  m_Icon: {fileID: 0}
  m_NavMeshLayer: 0
  m_StaticEditorFlags: 0
  m_IsActive: 1
--- !u!4 &439086
Transform:
  m_ObjectHideFlags: 1
  m_PrefabParentObject: {fileID: 0}
  m_PrefabInternal: {fileID: 100100000}
  m_GameObject: {fileID: 104686}
  m_LocalRotation: {x: 0, y: 0, z: 0, w: 1}
  m_LocalPosition: {x: .0149999997, y: .214000002, z: 0}
  m_LocalScale: {x: 1, y: 1, z: 1}
  m_Children: []
  m_Father: {fileID: 481160}
  m_RootOrder: 0
--- !u!4 &481160
Transform:
  m_ObjectHideFlags: 1
  m_PrefabParentObject: {fileID: 0}
  m_PrefabInternal: {fileID: 100100000}
  m_GameObject: {fileID: 149950}
  m_LocalRotation: {x: 0, y: 0, z: .207786411, w: -.978174269}
  m_LocalPosition: {x: 3.61097288, y: -4.409935, z: 0}
  m_LocalScale: {x: 1, y: 1, z: 1}
  m_Children:
  - {fileID: 439086}
  m_Father: {fileID: 0}
  m_RootOrder: 0
--- !u!114 &11403040
MonoBehaviour:
  m_ObjectHideFlags: 1
  m_PrefabParentObject: {fileID: 0}
  m_PrefabInternal: {fileID: 100100000}
  m_GameObject: {fileID: 149950}
  m_Enabled: 1
  m_EditorHideFlags: 0
  m_Script: {fileID: 11500000, guid: 3889a2372c2374f6ca7f8be277cd8a1b, type: 3}
  m_Name: 
  m_EditorClassIdentifier: 
  _offset: {x: 0, y: 0, z: -.100000001}
  _angularOffset: 0
  enabledSprite: {fileID: 21300000, guid: 3f7986d02ca6a469dbd65220ee34a681, type: 3}
  disabledSprite: {fileID: 21300000, guid: 1cea56d5ad766409aa7d142dde68a44e, type: 3}
  projectilePrefab: {fileID: 198680, guid: bae2306d0a75c4c4a84265a4a0853153, type: 2}
  ammunition: 200
  maxAmmunition: 200
  fireDelay: .180000007
  muzzle: {fileID: 439086}
--- !u!212 &21289920
SpriteRenderer:
  m_ObjectHideFlags: 1
  m_PrefabParentObject: {fileID: 0}
  m_PrefabInternal: {fileID: 100100000}
  m_GameObject: {fileID: 149950}
  m_Enabled: 1
  m_CastShadows: 0
  m_ReceiveShadows: 0
  m_Materials:
  - {fileID: 10754, guid: 0000000000000000e000000000000000, type: 0}
  m_SubsetIndices: 
  m_StaticBatchRoot: {fileID: 0}
  m_UseLightProbes: 0
  m_ReflectionProbeUsage: 0
  m_ProbeAnchor: {fileID: 0}
  m_ScaleInLightmap: 1
  m_PreserveUVs: 0
  m_ImportantGI: 0
  m_AutoUVMaxDistance: .5
  m_AutoUVMaxAngle: 89
  m_LightmapParameters: {fileID: 0}
  m_SortingLayerID: 0
  m_SortingOrder: 0
  m_Sprite: {fileID: 21300000, guid: 3f7986d02ca6a469dbd65220ee34a681, type: 3}
  m_Color: {r: 1, g: 1, b: 1, a: 1}
--- !u!1001 &100100000
Prefab:
  m_ObjectHideFlags: 1
  serializedVersion: 2
  m_Modification:
    m_TransformParent: {fileID: 0}
    m_Modifications:
    - target: {fileID: 0}
      propertyPath: enabledSprite
      value: 
      objectReference: {fileID: 21300000, guid: 3f7986d02ca6a469dbd65220ee34a681,
        type: 3}
    - target: {fileID: 0}
      propertyPath: disabledSprite
      value: 
      objectReference: {fileID: 21300000, guid: 1cea56d5ad766409aa7d142dde68a44e,
        type: 3}
    - target: {fileID: 0}
      propertyPath: ammunition
      value: 18
      objectReference: {fileID: 0}
    - target: {fileID: 0}
      propertyPath: maxAmmunition
      value: 18
      objectReference: {fileID: 0}
    - target: {fileID: 0}
      propertyPath: fireDelay
      value: .180000007
      objectReference: {fileID: 0}
    m_RemovedComponents: []
  m_ParentPrefab: {fileID: 0}
  m_RootGameObject: {fileID: 149950}
  m_IsPrefabParent: 1
