%YAML 1.1
%TAG !u! tag:unity3d.com,2011:
--- !u!1 &197334
GameObject:
  m_ObjectHideFlags: 0
  m_PrefabParentObject: {fileID: 0}
  m_PrefabInternal: {fileID: 100100000}
  serializedVersion: 4
  m_Component:
  - 4: {fileID: 445858}
  - 114: {fileID: 11452862}
  - 212: {fileID: 21255080}
  m_Layer: 0
  m_Name: PressureSuit
  m_TagString: Untagged
  m_Icon: {fileID: 0}
  m_NavMeshLayer: 0
  m_StaticEditorFlags: 0
  m_IsActive: 1
--- !u!4 &445858
Transform:
  m_ObjectHideFlags: 1
  m_PrefabParentObject: {fileID: 0}
  m_PrefabInternal: {fileID: 100100000}
  m_GameObject: {fileID: 197334}
  m_LocalRotation: {x: 0, y: 0, z: -.0796307474, w: -.996824443}
  m_LocalPosition: {x: 3.45835876, y: -4.49994612, z: .100000001}
  m_LocalScale: {x: 1, y: 1, z: 1}
  m_Children: []
  m_Father: {fileID: 0}
  m_RootOrder: 0
--- !u!114 &11452862
MonoBehaviour:
  m_ObjectHideFlags: 1
  m_PrefabParentObject: {fileID: 0}
  m_PrefabInternal: {fileID: 100100000}
  m_GameObject: {fileID: 197334}
  m_Enabled: 1
  m_EditorHideFlags: 0
  m_Script: {fileID: 11500000, guid: 693e2a14dbb3f4cf5a3f9112ba7d889c, type: 3}
  m_Name: 
  m_EditorClassIdentifier: 
  _offset: {x: 0, y: 0, z: -.100000001}
  _angularOffset: 0
  enabledSprite: {fileID: 21300000, guid: 3389af02d962648be92eaaeed3197821, type: 3}
  disabledSprite: {fileID: 21300000, guid: 42d0d5f5d9ba2401daad9d747720688f, type: 3}
  leftGloveClosed: {fileID: 21300000, guid: 2295c603d577c4a9c82ea03144c26774, type: 3}
  leftGloveOpen: {fileID: 21300000, guid: cabccef4be2e448abad8e922f35386f8, type: 3}
  rightGloveClosed: {fileID: 21300000, guid: ef98154bfba2f4bcbbad24eaa09f749f, type: 3}
  rightGloveOpen: {fileID: 21300000, guid: b883f3a24e84b42f0beaf32d3e7ba619, type: 3}
  shirt: {fileID: 21300000, guid: 1b23f269e245646518f484917d1657b7, type: 3}
  airTank:
    _o2: 100
    _co2: 0
--- !u!212 &21255080
SpriteRenderer:
  m_ObjectHideFlags: 1
  m_PrefabParentObject: {fileID: 0}
  m_PrefabInternal: {fileID: 100100000}
  m_GameObject: {fileID: 197334}
  m_Enabled: 1
  m_CastShadows: 0
  m_ReceiveShadows: 0
  m_Materials:
  - {fileID: 10754, guid: 0000000000000000e000000000000000, type: 0}
  m_SubsetIndices: 
  m_StaticBatchRoot: {fileID: 0}
  m_UseLightProbes: 0
  m_ReflectionProbeUsage: 0
  m_ProbeAnchor: {fileID: 0}
  m_ScaleInLightmap: 1
  m_PreserveUVs: 0
  m_ImportantGI: 0
  m_AutoUVMaxDistance: .5
  m_AutoUVMaxAngle: 89
  m_LightmapParameters: {fileID: 0}
  m_SortingLayerID: 0
  m_SortingOrder: 0
  m_Sprite: {fileID: 21300000, guid: 3389af02d962648be92eaaeed3197821, type: 3}
  m_Color: {r: 1, g: 1, b: 1, a: 1}
--- !u!1001 &100100000
Prefab:
  m_ObjectHideFlags: 1
  serializedVersion: 2
  m_Modification:
    m_TransformParent: {fileID: 0}
    m_Modifications:
    - target: {fileID: 0}
      propertyPath: _fitting
      value: 3
      objectReference: {fileID: 0}
    - target: {fileID: 0}
      propertyPath: disabledSprite
      value: 
      objectReference: {fileID: 21300000, guid: 42d0d5f5d9ba2401daad9d747720688f,
        type: 3}
    - target: {fileID: 0}
      propertyPath: enabledSprite
      value: 
      objectReference: {fileID: 21300000, guid: 3389af02d962648be92eaaeed3197821,
        type: 3}
    - target: {fileID: 0}
      propertyPath: m_Sprite
      value: 
      objectReference: {fileID: 21300000, guid: 3389af02d962648be92eaaeed3197821,
        type: 3}
    - target: {fileID: 0}
      propertyPath: airTank._o2
      value: 50
      objectReference: {fileID: 0}
    - target: {fileID: 0}
      propertyPath: _offset.z
      value: -.100000001
      objectReference: {fileID: 0}
    - target: {fileID: 0}
      propertyPath: leftGloveClosed
      value: 
      objectReference: {fileID: 21300000, guid: 2295c603d577c4a9c82ea03144c26774,
        type: 3}
    - target: {fileID: 0}
      propertyPath: leftGloveOpen
      value: 
      objectReference: {fileID: 21300000, guid: cabccef4be2e448abad8e922f35386f8,
        type: 3}
    - target: {fileID: 0}
      propertyPath: rightGloveClosed
      value: 
      objectReference: {fileID: 21300000, guid: ef98154bfba2f4bcbbad24eaa09f749f,
        type: 3}
    - target: {fileID: 0}
      propertyPath: rightGloveOpen
      value: 
      objectReference: {fileID: 21300000, guid: b883f3a24e84b42f0beaf32d3e7ba619,
        type: 3}
    - target: {fileID: 0}
      propertyPath: shirt
      value: 
      objectReference: {fileID: 21300000, guid: 1b23f269e245646518f484917d1657b7,
        type: 3}
    m_RemovedComponents: []
  m_ParentPrefab: {fileID: 0}
  m_RootGameObject: {fileID: 197334}
  m_IsPrefabParent: 1
